@book{Dahmen,
author = {Dahmen, W and Reusken, A},
doi = {DOI 10.1007/978-3-540-76493-9},
edition = {2},
file = {:Users/andres/Desktop/Promotion/literature/books/DahmenReusken.pdf:pdf},
isbn = {9783540764922},
keywords = {HM Numerik},
mendeley-tags = {HM Numerik},
title = {{Numerik f{\"{u}}r Ingenieure und Naturwissenschaftler}}
}
